%
% Example bibliography
%

@TECHREPORT{Nist,
   author = "Lily Chen and Stephen Jordan and Yi-Kai Liu and Dustin Moody and Rene Peralta and Ray Perlner and Daniel Smith-Tone",
   title = "Report on Post-Quantum Cryptography",
   institution = "National Institute of Standards and Technology (NIST)",
   number = "NIST IR 8105",
   year = 2016,
   month = "February"
   }