@techreport{Nist,
 	author = "Lily Chen and Stephen Jordan and Yi-Kai Liu and Dustin Moody and Rene Peralta and Ray Perlner and Daniel Smith-Tone",
 	title = "Report on Post-Quantum Cryptography",
 	institution = "National Institute of Standards and Technology (NIST)",
 	number = "NIST IR 8105",
 	year = 2016,
 	month = "February"
}

@article{Shor,
 author = {Peter W. Shor},
 title = {Polynomial-Time Algorithms for Prime Factorization and Discrete Logarithms on a Quantum Computer},
 journal = {SIAM J. Comput.},
 issue_date = {Oct. 1997},
 volume = {26},
 number = {5},
 month = oct,
 year = {1997},
 pages = {1484--1509},
 publisher = {Society for Industrial and Applied Mathematics},
} 

@Inbook{Rebeiro2012,
author="Chester Rebeiro and Sujoy Sinha Roy and Debdeep Mukhopadhyay",
title="Pushing the Limits of High-Speed \(GF(2^m)\) Elliptic Curve Scalar Multiplication on FPGAs",
bookTitle="Cryptographic Hardware and Embedded Systems -- CHES 2012: 14th International Workshop, Leuven, Belgium, September 9-12, 2012. Proceedings",
year="2012",
publisher="Springer Berlin Heidelberg",
pages="494--511",
}


@misc{maskedRing,
 	author = "Oscar Reparaz and Sujoy Sinha Roy and Frederik Vercauteren and Ingrid Verbauwhede",
 	title = "A masked ring-LWE implementation",
  howpublished = {Cryptology ePrint Archive, Report 2015/724},
  year = 2015
}

@Inbook{Reparaz2016,
	author="Oscar Reparaz and Ruan de Clercq and Sujoy Sinha Roy and Frederik Vercauteren and Ingrid Verbauwhede",
	chapter="Additively Homomorphic Ring-LWE Masking",
	title="Post-Quantum Cryptography: 7th International Workshop, PQCrypto 2016, Fukuoka, Japan, February 24-26, 2016, Proceedings",
	year="2016",
	publisher="Springer International Publishing",
	pages="233--244"
}

@misc{cryptoeprint:2016:276,
    author = {Markku-Juhani O. Saarinen},
    title = {Arithmetic Coding and Blinding Countermeasures for Ring-LWE},
    howpublished = {Cryptology ePrint Archive, Report 2016/276},
    year = {2016}
}

@misc{cryptoeprint:2012:230,
    author = {Vadim Lyubashevsky and Chris Peikert and Oded Regev},
    title = {On Ideal Lattices and Learning with Errors Over Rings},
    howpublished = {Cryptology ePrint Archive, Report 2012/230},
    year = {2012}
}

@Inbook{Pöppelmann2014,
	author="Thomas P{\"o}ppelmann and Tim G{\"u}neysu",
	chapter="Towards Practical Lattice-Based Public-Key Encryption on Reconfigurable Hardware",
	title="Selected Areas in Cryptography -- SAC 2013: 20th International Conference, Burnaby, BC, Canada, August 14-16, 2013, Revised Selected Papers",
	year="2014",
	publisher="Springer Berlin Heidelberg",
	pages="68--85"
}

%sampling

@misc{cryptoeprint:2014:254,
    author = {Thomas P\"oppelmann and L{\'e}o Ducas and Tim G\"uneysu},
    title = {Enhanced Lattice-Based Signatures on Reconfigurable Hardware},
    howpublished = {Cryptology ePrint Archive, Report 2014/254},
    year = {2014},
}

@misc{cryptoeprint:2010:088,
    author = {Chris Peikert},
    title = {An Efficient and Parallel Gaussian Sampler for Lattices},
    howpublished = {Cryptology ePrint Archive, Report 2010/088},
    year = {2010},
}

%Bliss

@misc{bliss,
    author = {L{\'e}o Ducas and Alain Durmus and Tancrède Lepoint and Vadim Lyubashevsky},
    title = {Lattice Signatures and Bimodal Gaussians},
    howpublished = {Cryptology ePrint Archive, Report 2013/383},
    year = {2013}
}
@misc{blisshp,
	author = {L{\'u}o Ducas and Alain Durmus and Tancrède Lepoint and Vadim Lyubashevsky},
	title = {BLISS:	Bimodal Lattice Signature Schemes},
	howpublished = {http://bliss.di.ens.fr/}
	year = {2013}
}

@misc{cryptoeprint:2016:300,
    author = {Leon Groot Bruinderink and Andreas Hülsing and Tanja Lange and Yuval Yarom},
    title = {Flush, Gauss, and Reload -- A Cache Attack on the BLISS Lattice-Based Signature Scheme},
    howpublished = {Cryptology ePrint Archive, Report 2016/300},
    year = {2016}
}

%Side-Channel Attacks:

@misc{cryptoeprint:2010:646,
    author = {Emmanuel Prouff and Matthieu Rivain and Régis Bévan},
    title = {Statistical Analysis of Second Order Differential Power Analysis},
    howpublished = {Cryptology ePrint Archive, Report 2010/646},
    year = {2010},
}

@misc{cryptoeprint:2010:385,
    author = {Emmanuel Prouff and Robert McEvoy},
    title = {First-Order Side-Channel Attacks on the Permutation Tables Countermeasure –Extended Version–},
    howpublished = {Cryptology ePrint Archive, Report 2010/385},
    year = {2010},
}

@Article{Kocher2011,
	author="Paul C. Kocher and Joshua Jaffe and Benjamin Jun and Pankaj Rohatgi",
	title="Introduction to differential power analysis",
	journal="Journal of Cryptographic Engineering",
	year="2011",
	volume="1",
	number="1",
	pages="5--27",
}

@inproceedings{DBLP:conf/crypto/KocherJJ99,
	  author    = {Paul C. Kocher and Joshua Jaffe and Benjamin Jun},
	  title     = {Differential Power Analysis},
	  booktitle = {Advances in Cryptology - {CRYPTO} '99, 19th Annual International Cryptology Conference, Santa Barbara, California, USA, August 15-19, 1999, Proceedings},
	  pages     = {388--397},
	  year      = {1999},
}

@Inbook{Brier2004,
author="Eric Brier and Christophe Clavier and Francis Olivier",
title="Correlation Power Analysis with a Leakage Model",
bookTitle="Cryptographic Hardware and Embedded Systems - CHES 2004: 6th International Workshop Cambridge, MA, USA, August 11-13, 2004. Proceedings",
year="2004",
publisher="Springer Berlin Heidelberg",
pages="16--29",
}